@MASTERSTHESIS{mestrado,
   author = {{Autor da dissertacao}, A.},
    title = "{Titulo da dissertacao de mestrado}",
   school = {S\~{a}o Paulo: Universidade 1},
     year = 2000,
   adsurl = {http://blablabla},
  adsnote = {Provided by ....},
  pages = {500 p.}
}

@PHDTHESIS{doutorado,
   author = {{Autor da tese}, B.},
    title = "{Titulo da tese de doutorado}",
   school = {S\~{a}o Paulo: Universidade 2},
     year = 2001,
   adsurl = {http://blablablabla},
  adsnote = {Provided by ....},
  pages = {1000 p.}
}

@ARTICLE{artigo1,
   author = {{Autor1}, A. and {Autor2}, B. and {Autor 3}, C.},
    title = "{Titulo do Artigo}",
  journal = {jornal},
     year = 2007,
   volume = 1,
    pages = {10-100},
   adsurl = {http://},
  adsnote = {Provided by ....}
}

@ARTICLE{artigo2,
   author = {{Autor1}, A. and {Autor2}, B. and {Autor 3}, C. and {Autor4}, D.},
    title = "{Titulo do Artigo}",
  journal = {jornal},
     year = 2007,
   volume = 2,
    pages = {10-100},
   adsurl = {http://},
  adsnote = {Provided by ....}
}

@ARTICLE{salpeter,
   author = {{Salpeter}, E.~E.},
    title = "{Difficulties with fusion catalysis by quarks.}",
  journal = {\nat},
     year = 1970,
   volume = 255,
    pages = {165-166},
   adsurl = {http://adsabs.harvard.edu/abs/1970Natur.255..165S},
  adsnote = {Provided by the Smithsonian/NASA Astrophysics Data System}
}

@ARTICLE{bethe,
   author = {{Bethe}, H.~A. and {Salpeter}, E.~E.},
    title = "{The 1983 Nobel Prize in Physics - Chandrasekhar and Fowler}",
  journal = {Science},
     year = 1983,
    month = nov,
   volume = 222,
    pages = {881-+},
   adsurl = {http://adsabs.harvard.edu/abs/1983Sci...222..881B},
  adsnote = {Provided by the Smithsonian/NASA Astrophysics Data System}
}


@BOOK{livro,
   author = {{autor1}, A. and {Autor2}, B.},
    title = "{Titulo do livro}",
publisher = {Edicao. Cidade: Editora},
     year = {2000},
    month = jun,
   adsurl = {http://},
  adsnote = {Provided by ...},
  pages = {100 p.}
}


@BOOK{feynman,
   author = {{Feynman}, R.~P.},
    title = "{What do you care what other people think? Further adventures of a curious character as told to Ralph Leighton}",
publisher = {1st ed. London: W W Norton \& Co Inc},
     year = 1988,
   adsurl = {http://adsabs.harvard.edu/abs/1988wdyc.book.....F},
  adsnote = {Provided by the Smithsonian/NASA Astrophysics Data System},
  pages = {256 p.}
}


%%%%%%%%%%%%%%%%%%%%%% Livros %%%%%%%%%%%%%%%%%%%%%%%

@book{chan2010global,
  title={Global Perspectives on Tropical Cyclones: From Science to Mitigation},
  editor={Chan, Johnny C. L. and Kepert, Jeffrey D.},
  year={2010},
  publisher={World Scientific},
  address={Singapore},
  series={World Scientific Series on Asia-Pacific Weather and Climate},
  volume={4},
  isbn={978-981-4293-46-1},
  url={https://books.google.com.br/books?id=uMDFCgAAQBAJ}
}


@book{stull2015practical,
  title={Practical meteorology: an algebra-based survey of atmospheric science},
  author={Stull, Ronald B},
  year={2015},
  publisher={University of British Columbia}
}

@book{donald2015meteorology,
    author = {Donald Ahrens, C and Henson, R},
    title = {Meteorology Today: An introduction to weather, climate and the environment},
    publisher = {Brooks/Cole} ,
    year = {2015}
}

@book{spiridonov2021fundamentals,
  title={Fundamentals of meteorology},
  author={Spiridonov, Vlado and {\'C}uri{\'c}, Mladjen},
  year={2021},
  publisher={Springer}
}

@book{aristotle1933metaphysics,
  title={Metaphysics},
  author={Aristotle, Aristotle and Aristotle},
  volume={1},
  year={1933},
  publisher={Harvard University Press Cambridge, MA}
}

@book{terry2007tropical,
  title={Tropical cyclones: climatology and impacts in the South Pacific},
  author={Terry, James P},
  year={2007},
  publisher={Springer Science \& Business Media}
}

@book{holton1973introduction,
  title={An introduction to dynamic meteorology},
  author={Holton, James R},
  journal={American Journal of Physics},
  volume={41},
  pages={752--754},
  year={1973},
  publisher={American Association of Physics Teachers}
}

@book{hoskins1990theory,
  title={Theory of extratropical cyclones},
  author={Hoskins, Brian J},
  journal={Extratropical Cyclones: The Erik Palm{\'e}n Memorial Volume},
  pages={63--80},
  year={1990},
  publisher={Springer}
}

@article{hoskins1990existence,
  title={On the existence of storm-tracks},
  author={Hoskins, Brian J and Valdes, Paul J},
  journal={Journal of Atmospheric Sciences},
  volume={47},
  number={15},
  pages={1854--1864},
  year={1990}
}

@book{palmen1969atmospheric,
  title={Atmospheric circulation systems: their structure and physical interpretation},
  author={Palm{\'e}n, Erik Herbert and Newton, Chester W},
  volume={13},
  year={1969},
  publisher={Academic press}
}

@book{bluestein1992synoptic,
  title={Synoptic-dynamic Meteorology in Midlatitudes: Observations and theory of weather systems},
  author={Bluestein, Howard B},
  volume={2},
  year={1992},
  publisher={Taylor \& Francis}
}

%%%%%%%%%%%%%%%%%%%%%% Basic theory and general articles %%%%%%%%%%%%%%%%%%%%%%%


@article{sutcliffe1947contribution,
  title={A contribution to the problem of development},
  author={Sutcliffe, RC},
  journal={Quarterly Journal of the Royal Meteorological Society},
  volume={73},
  number={317-318},
  pages={370--383},
  year={1947},
  publisher={John Wiley \& Sons, Ltd Bracknell}
}

@article{trenberth1978interpretation,
  title={On the interpretation of the diagnostic quasi-geostrophic omega equation},
  author={Trenberth, Kevin E},
  journal={Mon. Wea. Rev},
  volume={106},
  number={1},
  pages={131--137},
  year={1978}
}

@article{yanase2014parameter,
  title={Parameter spaces of environmental fields responsible for cyclone development from tropics to extratropics},
  author={Yanase, Wataru and Niino, Hiroshi and Hodges, Kevin and Kitabatake, Naoko},
  journal={Journal of Climate},
  volume={27},
  number={2},
  pages={652--671},
  year={2014},
  publisher={American Meteorological Society}
}

%%%%%%%%%%%%%%%%%%%%%% Subtropical Cyclones %%%%%%%%%%%%%%%%%%%%%%%



@article{simpson1952evolution,
  title={Evolution of the Kona storm a subtropical cyclone},
  author={Simpson, Robert H},
  journal={Journal of Atmospheric Sciences},
  volume={9},
  number={1},
  pages={24--35},
  year={1952}
}

@article{da2019subtropical,
  title={Subtropical cyclones over the oceanic basins: a review},
  author={da Rocha, Rosmeri Porf{\'\i}rio and Reboita, Michelle Sim{\~o}es and Gozzo, Luiz Felippe and Dutra, L{\'\i}via M{\'a}rcia Mosso and de Jesus, Eduardo Marcos},
  journal={Annals of the New York Academy of Sciences},
  volume={1436},
  number={1},
  pages={138--156},
  year={2019},
  publisher={Wiley Online Library}
}

%%%%%%%%%%%%%%%%%%%%%% Polar Lows %%%%%%%%%%%%%%%%%%%%%%%

@book{rasmussen1989comparative,
    author = {Rasmussen, Erik A},
    title = {A comparative study of tropical cyclones and polar lows},
    publisher = {A. Deepak Publishing},
    volume={47},
    pages={80},
    year={1989},
}

@article{bonatti1987moist,
  title={Moist baroclinic instability in the development of North Pacific and South American intermediate-scale disturbances},
  author={Bonatti, Jos{\'e}e Paulo and Rao, V Brahmananda},
  journal={Journal of the Atmospheric Sciences},
  volume={44},
  number={18},
  pages={2657--2667},
  year={1987},
  publisher={American Meteorological Society}
}

@article{emanuel1989polar,
  title={Polar lows as arctic hurricanes},
  author={Emanuel, Kerry A and Rotunno, Richard},
  journal={Tellus A: Dynamic Meteorology and Oceanography},
  volume={41},
  number={1},
  pages={1--17},
  year={1989},
  publisher={Taylor \& Francis}
}

@article{harrold1969polar,
  title={The polar low as a baroclinic disturbance},
  author={Harrold, TW and Browning, KA},
  journal={Quarterly Journal of the Royal Meteorological Society},
  volume={95},
  number={406},
  pages={710--723},
  year={1969},
  publisher={Wiley Online Library}
}

@article{mansfield1974polar,
  title={Polar lows: The development of baroclinic disturbances in cold air outbreaks},
  author={Mansfield, DA},
  journal={Quarterly Journal of the Royal Meteorological Society},
  volume={100},
  number={426},
  pages={541--554},
  year={1974},
  publisher={Wiley Online Library}
}

@article{nordeng1992most,
  title={A most beautiful polar low. A case study of a polar low development in the Bear Island region},
  author={Nordeng, Thor Erik and Rasmussen, Erik A},
  journal={Tellus A},
  volume={44},
  number={2},
  pages={81--99},
  year={1992},
  publisher={Wiley Online Library}
}

@article{rasmussen1979polar,
  title={The polar low as an extratropical CISK disturbance},
  author={Rasmussen, E},
  journal={Quarterly Journal of the Royal Meteorological Society},
  volume={105},
  number={445},
  pages={531--549},
  year={1979},
  publisher={Wiley Online Library}
}

@article{rasmussen1985case,
  title={A case study of a polar low development over the Barents Sea},
  author={Rasmussen, Erik},
  journal={Tellus A},
  volume={37},
  number={5},
  pages={407--418},
  year={1985},
  publisher={Wiley Online Library}
}

@article{stoll2021polar,
  title={Polar lows--moist-baroclinic cyclones developing in four different vertical wind shear environments},
  author={Stoll, Patrick Johannes and Spengler, Thomas and Terpstra, Annick and Graversen, Rune Grand},
  journal={Weather and Climate Dynamics},
  volume={2},
  number={1},
  pages={19--36},
  year={2021},
  publisher={Copernicus GmbH}
}

%%%%%%%%%%%%%%%%%%%%%% ITCZ and Tropical Cyclones %%%%%%%%%%%%%%%%%%%%%%%

@article{ferreira1997barotropic,
  title={Barotropic aspects of ITCZ breakdown},
  author={Ferreira, Rosana Nieto and Schubert, Wayne H},
  journal={Journal of the Atmospheric Sciences},
  volume={54},
  number={2},
  pages={261--285},
  year={1997},
  publisher={American Meteorological Society}
}

@article{cao2012modulation,
  title={Modulation of western North Pacific tropical cyclone genesis by intraseasonal oscillation of the ITCZ: A statistical analysis},
  author={Cao, Xi and Huang, Ping and Chen, Guanghua and Chen, Wen},
  journal={Advances in Atmospheric Sciences},
  volume={29},
  pages={744--754},
  year={2012},
  publisher={Springer}
}

@article{bembenek2021influence,
  title={Influence of latitude and moisture effects on the barotropic instability of an idealized ITCZ},
  author={Bembenek, Eric and Merlis, Timothy M and Straub, David N},
  journal={Journal of the Atmospheric Sciences},
  volume={78},
  number={9},
  pages={2677--2689},
  year={2021}
}

%%%%%%%%%%%%%%%%%%%%%% MJO and Tropical Cyclones %%%%%%%%%%%%%%%%%%%%%%%

@article{maloney2001madden,
  title={The Madden--Julian oscillation, barotropic dynamics, and North Pacific tropical cyclone formation. Part I: Observations},
  author={Maloney, Eric D and Hartmann, Dennis L},
  journal={Journal of the atmospheric sciences},
  volume={58},
  number={17},
  pages={2545--2558},
  year={2001},
  publisher={American Meteorological Society}
}

%%%%%%%%%%%%%%%%%%%%%% Easterly waves and Tropical Cyclones %%%%%%%%%%%%%%%%%%%%%%%

@article{molinari1997potential,
  title={Potential vorticity, easterly waves, and eastern Pacific tropical cyclogenesis},
  author={Molinari, John and Knight, David and Dickinson, Michael and Vollaro, David and Skubis, Steven},
  journal={Monthly weather review},
  volume={125},
  number={10},
  pages={2699--2708},
  year={1997},
  publisher={American Meteorological Society}
}

@article{wu2012african,
  title={African easterly jet: Barotropic instability, waves, and cyclogenesis},
  author={Wu, Man-Li C and Reale, Oreste and Schubert, Siegfried D and Suarez, Max J and Thorncroft, Chris D},
  journal={Journal of Climate},
  volume={25},
  number={5},
  pages={1489--1510},
  year={2012}
}

@article{reed1977structure,
  title={The structure and properties of African wave disturbances as observed during phase III of GATE},
  author={Reed, Richard J and Norquist, Donald C and Recker, Ernest E},
  journal={Monthly Weather Review},
  volume={105},
  number={3},
  pages={317--333},
  year={1977},
  publisher={American Meteorological Society}
}

@article{burpee1972origin,
  title={The origin and structure of easterly waves in the lower troposphere of North Africa},
  author={Burpee, Robert W},
  journal={Journal of the Atmospheric Sciences},
  volume={29},
  number={1},
  pages={77--90},
  year={1972},
  publisher={American Meteorological Society}
}

@article{rennick1976generation,
  title={The generation of African waves},
  author={Rennick, Mary Alice},
  journal={Journal of Atmospheric Sciences},
  volume={33},
  number={10},
  pages={1955--1969},
  year={1976}
}

@article{kuo1949dynamic,
  title={Dynamic instability of two-dimensional nondivergent flow in a barotropic atmosphere},
  author={Kuo, Hsiao-lan},
  journal={Journal of Atmospheric sciences},
  volume={6},
  number={2},
  pages={105--122},
  year={1949}
}

%%%%%%%%%%%%%%%%%%%%%% Tropical Cyclones %%%%%%%%%%%%%%%%%%%%%%%

@article{knutson2010tropical,
  title={Tropical cyclones and climate change},
  author={Knutson, Thomas R and McBride, John L and Chan, Johnny and Emanuel, Kerry and Holland, Greg and Landsea, Chris and Held, Isaac and Kossin, James P and Srivastava, AK and Sugi, Masato},
  journal={Nature geoscience},
  volume={3},
  number={3},
  pages={157--163},
  year={2010},
  publisher={Nature Publishing Group}
}

@article{walsh2004tropical,
  title={Tropical cyclones and climate change: unresolved issues},
  author={Walsh, Kevin},
  journal={Climate Research},
  volume={27},
  number={1},
  pages={77--83},
  year={2004}
}

@article{walsh2019tropical,
  title={Tropical cyclones and climate change},
  author={Walsh, Kevin JE and Camargo, Suzana J and Knutson, Thomas R and Kossin, J and Lee, T-C and Murakami, Hiroyuki and Patricola, C},
  journal={Tropical Cyclone Research and Review},
  volume={8},
  number={4},
  pages={240--250},
  year={2019},
  publisher={Elsevier}
}

@article{walsh2016tropical,
  title={Tropical cyclones and climate change},
  author={Walsh, Kevin JE and McBride, John L and Klotzbach, Philip J and Balachandran, Sethurathinam and Camargo, Suzana J and Holland, Greg and Knutson, Thomas R and Kossin, James P and Lee, Tsz-cheung and Sobel, Adam and others},
  journal={Wiley Interdisciplinary Reviews: Climate Change},
  volume={7},
  number={1},
  pages={65--89},
  year={2016},
  publisher={Wiley Online Library}
}

@article{ozawa2015thermodynamics,
  title={Thermodynamics of a tropical cyclone: Generation and dissipation of mechanical energy in a self-driven convection system},
  author={Ozawa, Hisashi and Shimokawa, Shinya},
  journal={Tellus A: Dynamic Meteorology and Oceanography},
  volume={67},
  number={1},
  pages={24216},
  year={2015},
  publisher={Taylor \& Francis}
}

@article{wang2022tropical,
  title={Tropical cyclone potential size},
  author={Wang, Danyang and Lin, Yanluan and Chavas, Daniel R},
  journal={Journal of the Atmospheric Sciences},
  volume={79},
  number={11},
  pages={3001--3025},
  year={2022}
}

@article{emanuel1987dependence,
  title={The dependence of hurricane intensity on climate},
  author={Emanuel, Kerry A},
  journal={Nature},
  volume={326},
  number={6112},
  pages={483--485},
  year={1987},
  publisher={Nature Publishing Group UK London}
}

@article{molinari2000origins,
  title={Origins and mechanisms of eastern Pacific tropical cyclogenesis: A case study},
  author={Molinari, John and Vollaro, David and Skubis, Steven and Dickinson, Michael},
  journal={Monthly Weather Review},
  volume={128},
  number={1},
  pages={125--139},
  year={2000},
  publisher={American Meteorological Society}
}

@techreport{zehr1992tropical,
  title={Tropical cyclogenesis in the western North Pacific},
  author={Zehr, Raymond M.},
  year={1992},
  institution={National Environmental Satellite, Data, and Information Service (NESDIS), NOAA},
  number={61},
  series={NOAA Technical Report NESDIS},
  address={USA},
  note={Also available online in PDF via the NOAA Central Library. Includes bibliographical references (pages 156-163).}
}

@article{montgomery2014paradigms,
  title={Paradigms for tropical cyclone intensification},
  author={Montgomery, Michael T and Smith, Roger K},
  journal={Australian Meteorological and Oceanographic Journal},
  volume={64},
  number={1},
  pages={37--66},
  year={2014},
  publisher={CSIRO Publishing}
}

@article{craig1996cisk,
  title={CISK or WISHE as the mechanism for tropical cyclone intensification},
  author={Craig, George C and Gray, Suzanne L},
  journal={Journal of Atmospheric Sciences},
  volume={53},
  number={23},
  pages={3528--3540},
  year={1996}
}

@article{gray1998formation,
  title={The formation of tropical cyclones},
  author={Gray, William M},
  journal={Meteorology and atmospheric physics},
  volume={67},
  number={1},
  pages={37--69},
  year={1998},
  publisher={Springer}
}

@article{montgomery2015putting,
  title={Putting to rest WISHE-ful misconceptions for tropical cyclone intensification},
  author={Montgomery, Michael T and Persing, John and Smith, Roger K},
  journal={Journal of Advances in Modeling Earth Systems},
  volume={7},
  number={1},
  pages={92--109},
  year={2015},
  publisher={Wiley Online Library}
}

@article{ooyama1982conceptual,
  title={Conceptual evolution of the theory and modeling of the tropical cyclone},
  author={Ooyama, Katsuyuki V},
  journal={Journal of the Meteorological Society of Japan. Ser. II},
  volume={60},
  number={1},
  pages={369--380},
  year={1982},
  publisher={Meteorological Society of Japan}
}

@article{yanai1961detailed,
  title={A detailed analysis of typhoon formation},
  author={Yanai, Michio},
  journal={Journal of the Meteorological Society of Japan. Ser. II},
  volume={39},
  number={4},
  pages={187--214},
  year={1961},
  publisher={Meteorological Society of Japan}
}

@article{emanuel1986air,
  title={An air-sea interaction theory for tropical cyclones. Part I: Steady-state maintenance},
  author={Emanuel, Kerry A},
  journal={Journal of Atmospheric Sciences},
  volume={43},
  number={6},
  pages={585--605},
  year={1986}
}

@article{yano1991improved,
  title={An improved model of the equatorial troposphere and its coupling with the stratosphere},
  author={Yano, Jun-Ichi and Emanuel, Kerry},
  journal={Journal of Atmospheric Sciences},
  volume={48},
  number={3},
  pages={377--389},
  year={1991}
}

@article{riehl1948formation,
  title={On the formation of typhoons},
  author={Riehl, Herbert},
  journal={Journal of the Atmospheric Sciences},
  volume={5},
  number={6},
  pages={247--265},
  year={1948},
  publisher={American Meteorological Society}
}

@article{ramage1959hurricane,
  title={Hurricane development},
  author={Ramage, Colin S},
  journal={Journal of Atmospheric Sciences},
  volume={16},
  number={3},
  pages={227--237},
  year={1959}
}

@article{gray1968global,
  title={Global view of the origin of tropical disturbances and storms},
  author={Gray, William M},
  journal={Monthly Weather Review},
  volume={96},
  number={10},
  pages={669--700},
  year={1968},
  publisher={American Meteorological Society}
}

@article{frank1977structurea,
  title={The structure and energetics of the tropical cyclone I. Storm structure},
  author={Frank, William M},
  journal={Monthly Weather Review},
  volume={105},
  number={9},
  pages={1119--1135},
  year={1977}
}

@article{frank1977structureb,
  title={The structure and energetics of the tropical cyclone II. Dynamics and energetics},
  author={Frank, William M},
  journal={Monthly Weather Review},
  volume={105},
  number={9},
  pages={1136--1150},
  year={1977}
}

@article{jorgensen1985vertical,
  title={Vertical motions in intense hurricanes},
  author={Jorgensen, David P and Zipser, Edward J and LeMone, Margaret A},
  journal={Journal of the atmospheric sciences},
  volume={42},
  number={8},
  pages={839--856},
  year={1985},
  publisher={American Meteorological Society}
}

@article{weatherford1988atyphoon,
  title={Typhoon structure as revealed by aircraft reconnaissance. Part I: Data analysis and climatology},
  author={Weatherford, Candis L and Gray, William M},
  journal={Monthly Weather Review},
  volume={116},
  number={5},
  pages={1032--1043},
  year={1988}
}

@article{weatherford1988btyphoon,
  title={Typhoon structure as revealed by aircraft reconnaissance. Part II: Structural variability},
  author={Weatherford, Candis L and Gray, William M},
  journal={Mon. Wea. Rev},
  volume={116},
  number={5},
  pages={1044--1056},
  year={1988}
}

@article{willoughby1984stationary,
  title={Stationary and moving convective bands in hurricanes},
  author={Willoughby, Hugh E and Marks, Frank D and Feinberg, Robert J},
  journal={Journal of the Atmospheric Sciences},
  volume={41},
  number={22},
  pages={3189--3211},
  year={1984},
  publisher={American Meteorological Society}
}

@article{shea1973hurricane,
  title={The hurricane’s inner core region. I. Symmetric and asymmetric structure},
  author={Shea, Dennis J and Gray, William M},
  journal={Journal of the Atmospheric Sciences},
  volume={30},
  number={8},
  pages={1544--1564},
  year={1973},
  publisher={American Meteorological Society}
}

@article{frank1970atlantic,
  title={Atlantic tropical systems of 1969},
  author={Frank, Neil L},
  journal={Monthly Weather Review},
  volume={98},
  number={4},
  pages={307--314},
  year={1970}
}


@article{charney1964growth,
  title={On the growth of the hurricane depression},
  author={Charney, Jule G and Eliassen, Arnt},
  journal={Journal of the Atmospheric Sciences},
  volume={21},
  number={1},
  pages={68--75},
  year={1964},
  publisher={American Meteorological Society}
}

@article{kuo1965formation,
  title={On formation and intensification of tropical cyclones through latent heat release by cumulus convection},
  author={Kuo, Hsiao-Lan},
  journal={Journal of the atmospheric sciences},
  volume={22},
  number={1},
  pages={40--63},
  year={1965},
  publisher={American Meteorological Society}
}

%%%%%%%%%%%%%%%%%%%%%% Cyclones - General %%%%%%%%%%%%%%%%%%%%%%%

@misc{AMS2023Cyclone,
  author = {{American Meteorological Society}},
  title = {Cyclone},
  year = {2012},
  howpublished = {\url{https://glossary.ametsoc.org/wiki/Cyclone}},
  note = {Acessado em: 2012},
  organization = {American Meteorological Society}
}

@article{reboita2017ciclones,
  title={Ciclones em superf{\'\i}cie nas latitudes austrais: Parte I-revis{\~a}o bibliogr{\'a}fica},
  author={Reboita, Michelle Sim{\~o}es and Gan, Manoel Alonso and Rocha, Rosmeri Porf{\'\i}rio da and Cust{\'o}dio, Igor Stivanelli},
  journal={Revista Brasileira de Meteorologia},
  volume={32},
  pages={171--186},
  year={2017},
  publisher={SciELO Brasil}
}

@article{hart2003cyclone,
  title={A cyclone phase space derived from thermal wind and thermal asymmetry},
  author={Hart, Robert E},
  journal={Monthly weather review},
  volume={131},
  number={4},
  pages={585--616},
  year={2003},
  publisher={American Meteorological Society}
}

%%%%%%%%%%%%%%%%%%%%%% Ciclones extratropicais %%%%%%%%%%%%%%%%%%%%%%%

@article{bjerknes1919structure,
  title={On the structure of moving cyclones},
  author={Bjerknes, Jakob},
  journal={Monthly Weather Review},
  volume={47},
  number={2},
  pages={95--99},
  year={1919}
}

@article{bjerknes1944theory,
  title={On the theory of cyclones},
  author={Bjerknes, J and Holmboe, Jt},
  journal={Journal of Atmospheric Sciences},
  volume={1},
  number={1},
  pages={1--22},
  year={1944}
}

@book{bjerknes1922life,
  title={Life cycle of cyclones and the polar front theory of atmospheric circulation},
  author={Bjerknes, Jakob and Solberg, Halvor},
  year={1922},
  publisher={Grondahl}
}

@article{charney1947dynamics,
  title={The dynamics of long waves in a baroclinic westerly current},
  author={Charney, Jule G},
  journal={Journal of the Atmospheric Sciences},
  volume={4},
  number={5},
  pages={136--162},
  year={1947},
  publisher={American Meteorological Society}
}

@article{eady1949long,
  title={Long waves and cyclone waves},
  author={Eady, Eric T},
  journal={Tellus},
  volume={1},
  number={3},
  pages={33--52},
  year={1949},
  publisher={Taylor \& Francis}
}

@article{petterssen1971development,
  title={On the development of extratropical cyclones},
  author={Petterssen, Sverre and Smebye, SJ},
  journal={Quarterly Journal of the Royal Meteorological Society},
  volume={97},
  number={414},
  pages={457--482},
  year={1971},
  publisher={Wiley Online Library}
}

@techreport{mclennan1988marine,
  title={Marine Bombs Program: Phase II},
  author={McLennan, Neil},
  year={1988},
  institution={Pacific Weather Centre}
}

@book{shapiro1990fronts,
  title={Fronts, jet streams and the tropopause},
  author={Shapiro, Melvyn A and Keyser, Daniel},
  year={1990},
  publisher={Springer}
}

@article{schultz1998effect,
  title={The effect of large-scale flow on low-level frontal structure and evolution in midlatitude cyclones},
  author={Schultz, David M and Keyser, Daniel and Bosart, Lance F},
  journal={Monthly weather review},
  volume={126},
  number={7},
  pages={1767--1791},
  year={1998},
  publisher={American Meteorological Society}
}

@article{simmonds2000size,
  title={Size changes over the life of sea level cyclones in the NCEP reanalysis},
  author={Simmonds, Ian},
  journal={Monthly Weather Review},
  volume={128},
  number={12},
  pages={4118--4125},
  year={2000},
  publisher={American Meteorological Society}
}

@article{deveson2002classification,
  title={A classification of FASTEX cyclones using a height-attributable quasi-geostrophic vertical-motion diagnostic},
  author={Deveson, ACL and Browning, KA and Hewson, TD},
  journal={Quarterly Journal of the Royal Meteorological Society: A journal of the atmospheric sciences, applied meteorology and physical oceanography},
  volume={128},
  number={579},
  pages={93--117},
  year={2002},
  publisher={Wiley Online Library}
}

@article{rudeva2007climatology,
  title={Climatology of cyclone size characteristics and their changes during the cyclone life cycle},
  author={Rudeva, Irina and Gulev, Sergey K},
  journal={Monthly Weather Review},
  volume={135},
  number={7},
  pages={2568--2587},
  year={2007}
}

@article{whitaker1994cyclogenesis,
  title={Cyclogenesis in a saturated environment},
  author={Whitaker, Jeffrey S and Davis, Christopher A},
  journal={Journal of the atmospheric sciences},
  volume={51},
  number={6},
  pages={889--908},
  year={1994},
  publisher={American Meteorological Society}
}

@article{gall1976effects,
  title={The effects of released latent heat in growing baroclinic waves},
  author={Gall, Robert},
  journal={Journal of the Atmospheric Sciences},
  volume={33},
  number={9},
  pages={1686--1701},
  year={1976},
  publisher={American Meteorological Society}
}

@article{gutowski1992life,
  title={Life cycles of moist baroclinic eddies},
  author={Gutowski, William J and Branscome, Lee E and Stewart, Douglas A},
  journal={Journal of the atmospheric sciences},
  volume={49},
  number={4},
  pages={306--319},
  year={1992},
  publisher={American Meteorological Society}
}

@article{chang2002storm,
  title={Storm track dynamics},
  author={Chang, Edmund KM and Lee, Sukyoung and Swanson, Kyle L},
  journal={Journal of climate},
  volume={15},
  number={16},
  pages={2163--2183},
  year={2002},
  publisher={American Meteorological Society}
}

%%%%%%%%%%%%%%%%%%%%%% Ciclones - América do Sul %%%%%%%%%%%%%%%%%%%%%%%

@article{reboita2010south,
  title={South Atlantic Ocean cyclogenesis climatology simulated by regional climate model (RegCM3)},
  author={Reboita, Michelle Simoes and Da Rocha, Rosmeri Porf{\'\i}rio and Ambrizzi, T{\'e}rcio and Sugahara, Shigetoshi},
  journal={Climate Dynamics},
  volume={35},
  pages={1331--1347},
  year={2010},
  publisher={Springer}
}

@article{gramcianinov2019properties,
  title={The properties and genesis environments of South Atlantic cyclones},
  author={Gramcianinov, CB and Hodges, KI and Camargo, Ricardo de},
  journal={Climate Dynamics},
  volume={53},
  pages={4115--4140},
  year={2019},
  publisher={Springer}
}

%%%%%%%%%%%%%%%%%%%%%% LEC %%%%%%%%%%%%%%%%%%%%%%%

%%% Histórico

@article{starr1953note,
  title={Note concerning the nature of the large-scale eddies in the atmosphere},
  author={Starr, Victor P},
  journal={Tellus},
  volume={5},
  number={4},
  pages={494--498},
  year={1953},
  publisher={Wiley Online Library}
}

@article{margules1903uber,
  title={Uber die Energie der Sturnie},
  author={Margules, M},
  journal={Jahrb. kair-kon Zent},
  year={1903}
}


@article{marquet2017last,
  title={The last paper" On the theory of storm"(Zur Sturmtheorie) published by Max Margules in 1906},
  author={Marquet, Pascal},
  journal={arXiv preprint arXiv:1704.06128},
  year={2017}
}


@article{lorenz1955,
author = {Edward N. Lorenz},
title = {Available Potential Energy and the Maintenance of the General Circulation},
journal = {Tellus},
volume = {7},
number = {2},
pages = {157-167},
year  = {1955},
publisher = {Taylor & Francis},
doi = {10.3402/tellusa.v7i2.8796},

URL = { 
        https://doi.org/10.3402/tellusa.v7i2.8796
    
},
eprint = { 
        https://doi.org/10.3402/tellusa.v7i2.8796
    
}

}

@article{starr1959further,
  title={Further statistics concerning the general circulation},
  author={Starr, Victor P},
  journal={Tellus},
  volume={11},
  number={4},
  pages={481--483},
  year={1959},
  publisher={Taylor \& Francis}
}

@article{saltzman1961further,
  title={Further statistics on the modes of release of available potential energy},
  author={Saltzman, Barry and Fleisher, Aaron},
  journal={Journal of Geophysical Research},
  volume={66},
  number={7},
  pages={2271--2273},
  year={1961},
  publisher={Wiley Online Library}
}

@book{holopainen1964investigation,
  title={Investigation of friction and diabatic processes in the atmosphere},
  author={Holopainen, Eero O},
  volume={29},
  year={1964},
  publisher={na}
}

@article{jensen1961energy,
  title={Energy transformation and vertical flux processes over the northern hemisphere},
  author={Jensen, Clayton E},
  journal={Journal of Geophysical Research},
  volume={66},
  number={4},
  pages={1145--1156},
  year={1961},
  publisher={Wiley Online Library}
}

@article{brown1964diagnostic,
  title={A diagnostic study of tropospheric diabatic heating and the generation of available potential energy},
  author={Brown Jr, John A},
  journal={Tellus},
  volume={16},
  number={3},
  pages={371--388},
  year={1964},
  publisher={Taylor \& Francis}
}

@article{wiin1959study,
  title={A study of energy conversion and meridional circulation for the large-scale motion in the atmosphere},
  author={Wiin-Nielsen, A},
  journal={Monthly Weather Review},
  volume={87},
  number={9},
  pages={319--332},
  year={1959}
}

@article{wiin1963atmospheric,
  title={On atmospheric energy conversions between the zonal flow and the eddies},
  author={Wiin-Nielsen, A and Brown, John A and Drake, Margaret},
  journal={Tellus},
  volume={15},
  number={3},
  pages={261--279},
  year={1963},
  publisher={Wiley Online Library}
}

@article{oort1964estimates,
  title={On estimates of the atmospheric energy cycle},
  author={Oort, Abraham H},
  journal={Monthly Weather Review},
  volume={92},
  number={11},
  year={1964},
}

@article{reed1963spectral,
  title={A spectral analysis of the energetics of the stratospheric sudden warming of early 1957},
  author={Reed, Richard J and Wolfe, John L and Nishimoto, Hiroshi},
  journal={Journal of the Atmospheric Sciences},
  volume={20},
  number={4},
  pages={256--275},
  year={1963},
  publisher={American Meteorological Society}
}

@article{smith1969contribution,
  title={On the contribution of a limited region to the global energy budget},
  author={Smith, Phillip J},
  journal={Tellus},
  volume={21},
  number={2},
  pages={202--207},
  year={1969},
  publisher={Wiley Online Library}
}

@article{robertson1985reference,
  title={Reference pressure changes and available potential energy in isobaric coordinates},
  author={Robertson, Franklin R},
  journal={Tellus A},
  volume={37},
  number={1},
  pages={24--29},
  year={1985},
  publisher={Wiley Online Library}
}

@article{pant1982energetics,
  title={Energetics of open atmospheric systems: Case study of an extratropical cyclone},
  author={Pant, GB},
  journal={Archives for meteorology, geophysics, and bioclimatology, Series A},
  volume={31},
  number={1-2},
  pages={49--62},
  year={1982},
  publisher={Springer}
}

@article{johnson1970available,
  title={The available potential energy of storms},
  author={Johnson, Donald R},
  journal={Journal of Atmospheric Sciences},
  volume={27},
  number={5},
  pages={727--741},
  year={1970}
}

@article{dutton1967theory,
  title={The theory of available potential energy and a variational approach to atmospheric energetics},
  author={Dutton, John A and Johnson, Donald R},
  journal={Advances in geophysics},
  volume={12},
  pages={333--436},
  year={1967},
  publisher={Elsevier}
}


@article{vincent1973some,
  title={Some further considerations concerning energy budgets of moving systems},
  author={Vincent, DG and Chang, LN},
  journal={Tellus},
  volume={25},
  number={3},
  pages={224--232},
  year={1973},
  publisher={Taylor \& Francis}
}
@article{norquist1977energetics,
  title={The energetics of African wave disturbances as observed during phase III of GATE},
  author={Norquist, Donald C and Recker, Ernest E and Reed, Richard J},
  journal={Monthly Weather Review},
  volume={105},
  number={3},
  pages={334--342},
  year={1977},
  publisher={American Meteorological Society}
}

@article{smith1977time,
  title={The time dependence of reference pressure in limited region available potential energy budget equations},
  author={Smith, Phillip J and Vincent, Dayton G and Edmond Jr, Harold J},
  journal={Tellus},
  volume={29},
  number={5},
  pages={476--480},
  year={1977},
  publisher={Taylor \& Francis}
}

@article{edmon1979large,
  title={Large-scale atmospheric conditions during the intensification of Hurricane Carmen (1974) II. Diabatic heating rates and energy budgets},
  author={Edmon, Harold J and Vincent, Dayton G},
  journal={Monthly Weather Review},
  volume={107},
  number={3},
  pages={295--313},
  year={1979},
  publisher={American Meteorological Society}
}

@article{brennan1980zonal,
  title={Zonal and eddy components of the synoptic-scale energy budget during intensification of hurricane Carmen (1974)},
  author={Brennan, Frederick E and Vincent, Dayton G},
  journal={Monthly Weather Review},
  volume={108},
  number={7},
  pages={954--965},
  year={1980},
  publisher={American Meteorological Society}
}

@article{robertson1983impact,
  title={The impact of model moist processes on the energetics of extratropical cyclones},
  author={Robertson, FR and Smith, PJ},
  journal={Monthly Weather Review},
  volume={111},
  number={4},
  pages={723--744},
  year={1983}
}

@article{michaelides1999quasi,
  title={Quasi-Lagrangian energetics of an intense Mediterranean cyclone},
  author={Michaelides, Silas C and Prezerakos, Nicholas G and Flocas, Helena A},
  journal={Quarterly Journal of the Royal Meteorological Society},
  volume={125},
  number={553},
  pages={139--168},
  year={1999},
  publisher={Wiley Online Library}
}

%% Clima

@article{veiga2013global,
  title={A global and hemispherical analysis of the Lorenz energetics based on the representative concentration pathways used in CMIP5},
  author={Veiga, Jos{\'e} Augusto P and Ambrizzi, Tercio and others},
  journal={Advances in Meteorology},
  volume={2013},
  year={2013},
  publisher={Hindawi}
}

@article{okajima2021cyclonic,
  title={Cyclonic and anticyclonic contributions to atmospheric energetics},
  author={Okajima, Satoru and Nakamura, Hisashi and Kaspi, Yohai},
  journal={Scientific reports},
  volume={11},
  number={1},
  pages={13202},
  year={2021},
  publisher={Nature Publishing Group UK London}
}

%% Ciclones

@article{black2013universal,
  title={A universal, broad-environment energy conversion signature of explosive cyclones},
  author={Black, Mitchell Timothy and Pezza, Alexandre Bernardes},
  journal={Geophysical Research Letters},
  volume={40},
  number={2},
  pages={452--457},
  year={2013},
  publisher={Wiley Online Library}
}

@article{cavicchia2018energetics,
  title={Energetics and dynamics of subtropical australian east coast cyclones: Two contrasting cases},
  author={Cavicchia, Leone and Dowdy, Andrew and Walsh, Kevin},
  journal={Monthly Weather Review},
  volume={146},
  number={5},
  pages={1511--1525},
  year={2018},
  publisher={American Meteorological Society}
}

@article{pezza2014large,
  title={Large scale features and energetics of the hybrid subtropical low ‘Duck’over the Tasman Sea},
  author={Pezza, Alexandre Bernardes and Garde, Luke Andrew and Veiga, Jos{\'e} Augusto Paixao and Simmonds, Ian},
  journal={Climate dynamics},
  volume={42},
  pages={453--466},
  year={2014},
  publisher={Springer}
}

@article{bulic2006limited,
  title={Limited area energy budget during a life cycle of Genoa cyclone (18-21 November 1999)},
  author={Bulic, IH},
  journal={NUOVO CIMENTO-SOCIETA ITALIANA DI FISICA SEZIONE C},
  volume={29},
  number={2},
  pages={167},
  year={2006},
  publisher={EDITRICE COMPOSITORI}
}

@article{pezza2010environmental,
  title={Environmental energetics of an exceptional high-latitude storm},
  author={Pezza, Alexandre Bernardes and Veiga, Jos{\'e} Augusto Paixao and Simmonds, Ian and Keay, Kevin and Mesquita, Michel dos Santos},
  journal={Atmospheric Science Letters},
  volume={11},
  number={1},
  pages={39--45},
  year={2010},
  publisher={Wiley Online Library}
}

@article{michaelides1992spatial,
  title={A spatial and temporal energetics analysis of a baroclinic disturbance in the Mediterranen},
  author={Michaelides, Silas C},
  journal={Monthly weather review},
  volume={120},
  number={7},
  pages={1224--1243},
  year={1992},
  publisher={American Meteorological Society}
}

@article{wahab2002mechanism,
  title={On the mechanism of winter cyclogenesis in relation to vertical axis tilt},
  author={Wahab, M Abdel and Basset, H Abdel and Lasheen, AM},
  journal={Meteorology and Atmospheric Physics},
  volume={81},
  number={1},
  pages={103--127},
  year={2002},
  publisher={Springer}
}

@article{smith1980energetics,
  title={The energetics of extratropical cyclones},
  author={Smith, Phillip J},
  journal={Reviews of Geophysics},
  volume={18},
  number={2},
  pages={378--386},
  year={1980},
  publisher={Wiley Online Library}
}

@article{dias2011energy,
  title={The energy cycle and structural evolution of cyclones over southeastern South America in three case studies},
  author={Dias Pinto, Joao Rafael and Rocha, Rosmeri Porf{\'\i}Rio},
  journal={Journal of Geophysical Research: Atmospheres},
  volume={116},
  number={D14},
  year={2011},
  publisher={Wiley Online Library}
}


@article{michaelides1987limited,
  title={Limited area energetics of Genoa cyclogenesis},
  author={Michaelides, Silas Chr},
  journal={Monthly Weather Review},
  volume={115},
  number={1},
  pages={13--26},
  year={1987}
}

@article{muench1965dynamics,
  title={On the dynamics of the wintertime stratosphere circulation},
  author={Muench, H Stuart},
  journal={Journal of Atmospheric Sciences},
  volume={22},
  number={4},
  pages={349--360},
  year={1965}
}

%% Other approaches

@article{plumb1983new,
  title={A new look at the energy cycle},
  author={Plumb, R Alan},
  journal={Journal of Atmospheric Sciences},
  volume={40},
  number={7},
  pages={1669--1688},
  year={1983}
}

@article{marquet1991concept,
  title={On the concept of exergy and available enthalpy: Application to atmospheric energetics},
  author={Marquet, Pascal},
  journal={Quarterly Journal of the Royal Meteorological Society},
  volume={117},
  number={499},
  pages={449--475},
  year={1991},
  publisher={Wiley Online Library}
}

@article{novak2018local,
  title={On the local view of atmospheric available potential energy},
  author={Novak, Lenka and Tailleux, R{\'e}mi},
  journal={Journal of the Atmospheric Sciences},
  volume={75},
  number={6},
  pages={1891--1907},
  year={2018},
  publisher={American Meteorological Society}
}

%%%%%%%%%%%%%%%%%%%%%% General Circulation %%%%%%%%%%%%%%%%%%%%%%%

@article{held1999macroturbulence,
  title={The macroturbulence of the troposphere},
  author={Held, Isaac M},
  journal={Tellus A},
  volume={51},
  number={1},
  pages={59--70},
  year={1999},
  publisher={Wiley Online Library}
}

@article{thomson1892xvii,
  title={XVII. Bakerian lecture.─ On the grand currents of atmospheric circulation},
  author={Thomson, James},
  journal={Philosophical Transactions of the Royal Society of London.(A.)},
  number={183},
  pages={653--684},
  year={1892},
  publisher={The Royal Society London}
}

@article{ferrel1861motions,
  title={The motions of fluids and solids relative to the Earth’s surface},
  author={Ferrel, William},
  journal={American Journal of Science},
  volume={2},
  number={91},
  pages={27--50},
  year={1861},
  publisher={American Journal of Science}
}

@article{schneider2006general,
  title={The general circulation of the atmosphere},
  author={Schneider, Tapio},
  journal={Annu. Rev. Earth Planet. Sci.},
  volume={34},
  pages={655--688},
  year={2006},
  publisher={Annual Reviews}
}

@article{lorenz1967nature,
  title={The nature and theory of the general circulation of the atmosphere},
  author={Lorenz, Edward},
  journal={World meteorological organization},
  volume={161},
  year={1967}
}

@article{hadley1735vi,
  title={VI. Concerning the cause of the general trade-winds},
  author={Hadley, George},
  journal={Philosophical Transactions of the Royal Society of London},
  volume={39},
  number={437},
  pages={58--62},
  year={1735},
  publisher={The Royal Society London}
}

%%%%%%%%%%%%%%%%%%%%%% Cyclone Climatology %%%%%%%%%%%%%%%%%%%%%%%

@article{whittaker1984northern,
  title={Northern Hemisphere extratropical cyclone activity for four mid-season months},
  author={Whittaker, LM and Horn, LH},
  journal={Journal of Climatology},
  volume={4},
  number={3},
  pages={297--310},
  year={1984},
  publisher={Wiley Online Library}
}

@article{hoskins2002new,
  title={New perspectives on the Northern Hemisphere winter storm tracks},
  author={Hoskins, Brian J and Hodges, Kevin I},
  journal={Journal of the Atmospheric Sciences},
  volume={59},
  number={6},
  pages={1041--1061},
  year={2002},
  publisher={American Meteorological Society}
}

%%%%%%%%%%%%%%%%%%%%%% Cyclone life cycle %%%%%%%%%%%%%%%%%%%%%%%

@article{sinclair1995climatology,
  title={A climatology of cyclogenesis for the Southern Hemisphere},
  author={Sinclair, Mark R},
  journal={Monthly Weather Review},
  volume={123},
  number={6},
  pages={1601--1619},
  year={1995}
}

@article{pinto2005sensitivities,
  title={Sensitivities of a cyclone detection and tracking algorithm: individual tracks and climatology},
  author={Pinto, Joaquim G and Spangehl, Thomas and Ulbrich, Uwe and Speth, Peter},
  journal={Meteorologische Zeitschrift},
  volume={14},
  number={6},
  pages={823--838},
  year={2005},
  publisher={Berlin: Borntraeger, c1992-}
}

@article{grise2013intraseasonal,
  title={Intraseasonal and interannual variability in North American storm tracks and its relationship to equatorial Pacific variability},
  author={Grise, Kevin M and Son, Seok-Woo and Gyakum, John R},
  journal={Monthly Weather Review},
  volume={141},
  number={10},
  pages={3610--3625},
  year={2013}
}

@article{schemm2018during,
  title={When during their life cycle are extratropical cyclones attended by fronts?},
  author={Schemm, Sebastian and Sprenger, Michael and Wernli, Heini},
  journal={Bulletin of the American Meteorological Society},
  volume={99},
  number={1},
  pages={149--165},
  year={2018}
}
@article{trigo2006climatology,
  title={Climatology and interannual variability of storm-tracks in the Euro-Atlantic sector: a comparison between ERA-40 and NCEP/NCAR reanalyses},
  author={Trigo, Isabel Franco},
  journal={Climate Dynamics},
  volume={26},
  number={2},
  pages={127--143},
  year={2006},
  publisher={Springer}
}

@article{bengtsson2009will,
  title={Will extratropical storms intensify in a warmer climate?},
  author={Bengtsson, Lennart and Hodges, Kevin I and Keenlyside, Noel},
  journal={Journal of Climate},
  volume={22},
  number={9},
  pages={2276--2301},
  year={2009}
}

@article{dacre2009spatial,
  title={The spatial distribution and evolution characteristics of North Atlantic cyclones},
  author={Dacre, Helen Francis and Gray, Suzanne Louise},
  journal={Monthly Weather Review},
  volume={137},
  number={1},
  pages={99--115},
  year={2009},
  publisher={American Meteorological Society}
}

@article{azad2014vorticity,
  title={The vorticity budgets of North Atlantic winter extratropical cyclone life cycles in MERRA reanalysis. Part I: Development phase},
  author={Azad, Roohollah and Sorteberg, Asgeir},
  journal={Journal of the Atmospheric Sciences},
  volume={71},
  number={9},
  pages={3109--3128},
  year={2014},
  publisher={American Meteorological Society}
}

@article{azad2014vorticity2,
  title={The vorticity budgets of North Atlantic winter extratropical cyclone life cycles in MERRA reanalysis. Part II: Decaying phase},
  author={Azad, Roohollah and Sorteberg, Asgeir},
  journal={Journal of the Atmospheric Sciences},
  volume={71},
  number={9},
  pages={3129--3143},
  year={2014},
  publisher={American Meteorological Society}
}

@article{booth2018extratropical,
  title={Extratropical cyclone precipitation life cycles: A satellite-based analysis},
  author={Booth, James F and Naud, Catherine M and Jeyaratnam, Jeyavinoth},
  journal={Geophysical Research Letters},
  volume={45},
  number={16},
  pages={8647--8654},
  year={2018},
  publisher={Wiley Online Library}
}

@article{michaelis2017changes,
  title={Changes in winter North Atlantic extratropical cyclones in high-resolution regional pseudo--global warming simulations},
  author={Michaelis, Allison C and Willison, Jeff and Lackmann, Gary M and Robinson, Walter A},
  journal={Journal of Climate},
  volume={30},
  number={17},
  pages={6905--6925},
  year={2017},
  publisher={American Meteorological Society}
}


@article{gray2006classifying,
  title={Classifying dynamical forcing mechanisms using a climatology of extratropical cyclones},
  author={Gray, Suzanne Louise and Dacre, Helen Francis},
  journal={Quarterly Journal of the Royal Meteorological Society: A journal of the atmospheric sciences, applied meteorology and physical oceanography},
  volume={132},
  number={617},
  pages={1119--1137},
  year={2006},
  publisher={Wiley Online Library}
}

@article{evans2003objective,
  title={Objective indicators of the life cycle evolution of extratropical transition for Atlantic tropical cyclones},
  author={Evans, Jenni L and Hart, Robert E},
  journal={Monthly Weather Review},
  volume={131},
  number={5},
  pages={909--925},
  year={2003},
  publisher={American Meteorological Society}
}

%%%%%%%%%%%%%%%%%%%%%% South America - Cyclone Climatologies %%%%%%%%%%%%%%%%%%%%%%%

@article{marrafon2022classificaccao,
  title={Classifica{\c{c}}{\~a}o dos tipos de ciclones sobre o Oceano Atl{\^a}ntico Sul em proje{\c{c}}{\~o}es com o RegCM4 E MCGs},
  author={Marrafon, Vitor Hugo and Reboita, Michelle Sim{\~o}es and da Rocha, Rosmeri Porf{\'\i}rio and de Jesus, Eduardo Marcos},
  journal={Revista Brasileira de Climatologia},
  volume={30},
  pages={1--25},
  year={2022}
}

@article{sinclair1994objective,
  title={An objective cyclone climatology for the Southern Hemisphere},
  author={Sinclair, Mark R},
  journal={Monthly Weather Review},
  volume={122},
  number={10},
  pages={2239--2256},
  year={1994}
}

@article{cardoso2022synoptic,
  title={Synoptic Climatology of Subtropical Cyclone Impacts on Near-Surface Winds Over the South Atlantic Basin},
  author={Cardoso, Andressa A and da Rocha, Rosmeri P and Crespo, Nat{\'a}lia M},
  journal={Earth and Space Science},
  volume={9},
  number={11},
  pages={e2022EA002482},
  year={2022},
  publisher={Wiley Online Library}
}


@article{de2021ocean,
  title={Ocean-Land Atmosphere Model (OLAM) performance for major extreme meteorological events near the coastal region of southern Brazil},
  author={de Souza, DC and da Silva, R Ramos},
  journal={Climate Research},
  volume={84},
  pages={1--21},
  year={2021}
}

@article{crespo2023assessment,
  title={Assessment of the RegCM4-CORDEX-CORE performance in simulating cyclones affecting the western coast of South America},
  author={Crespo, Nat{\'a}lia Machado and Reboita, Michelle Sim{\~o}es and Gozzo, Luiz Felippe and de Jesus, Eduardo Marcos and Torres-Alavez, Jos{\'e} Abraham and Lagos-Z{\'u}{\~n}iga, Miguel {\'A}ngel and Torrez-Rodriguez, Limbert and Reale, Marco and da Rocha, Rosmeri Porf{\'\i}rio},
  journal={Climate Dynamics},
  volume={60},
  number={7},
  pages={2041--2059},
  year={2023},
  publisher={Springer}
}

@article{crespo2021potential,
  title={A potential vorticity perspective on cyclogenesis over centre-eastern South America},
  author={Crespo, Nat{\'a}lia Machado and da Rocha, Rosmeri Porf{\'\i}rio and Sprenger, Michael and Wernli, Heini},
  journal={International Journal of Climatology},
  volume={41},
  number={1},
  pages={663--678},
  year={2021},
  publisher={Wiley Online Library}
}

@article{simmonds2000mean,
  title={Mean Southern Hemisphere extratropical cyclone behavior in the 40-year NCEP--NCAR reanalysis},
  author={Simmonds, Ian and Keay, Kevin},
  journal={Journal of Climate},
  volume={13},
  number={5},
  pages={873--885},
  year={2000}
}

@article{hoskins2005new,
  title={A new perspective on Southern Hemisphere storm tracks},
  author={Hoskins, Brian John and Hodges, Kevin Ivan},
  journal={Journal of Climate},
  volume={18},
  number={20},
  pages={4108--4129},
  year={2005},
  publisher={American Meteorological Society}
}

@article{vera2002cold,
  title={Cold season synoptic-scale waves over subtropical South America},
  author={Vera, Carolina S and Vigliarolo, Paula K and Berbery, Ernesto Hugo},
  journal={Monthly Weather Review},
  volume={130},
  number={3},
  pages={684--699},
  year={2002},
  publisher={American Meteorological Society}
}

@article{simmonds1999southern,
  title={Southern extratropical cyclone behavior in ECMWF analyses during the FROST special observing periods},
  author={Simmonds, Ian and Murray, Ross J},
  journal={Weather and forecasting},
  volume={14},
  number={6},
  pages={878--891},
  year={1999}
}

@article{mendes2010climatology,
  title={Climatology of extratropical cyclones over the South American--southern oceans sector},
  author={Mendes, David and Souza, Enio P and Marengo, Jos{\'e} A and Mendes, Monica CD},
  journal={Theoretical and applied climatology},
  volume={100},
  pages={239--250},
  year={2010},
  publisher={Springer}
}

@article{gan1991surface,
  title={Surface cyclogenesis over south America},
  author={Gan, Manoel Alonso and Rao, Vadlamudi Brahmananda},
  journal={Monthly Weather Review},
  volume={119},
  number={5},
  pages={1293--1302},
  year={1991}
}
%%%%%%%%%%%%%%%%%%%%%% South America - Tropical Cyclones %%%%%%%%%%%%%%%%%%%%%%%

@article{veiga2008analysis,
  title={An analysis of the environmental energetics associated with the transition of the first South Atlantic hurricane},
  author={Veiga, Jos{\'e} Augusto Paixao and Pezza, Alexandre Bernardes and Simmonds, Ian and Silva Dias, Pedro L},
  journal={Geophysical Research Letters},
  volume={35},
  number={15},
  year={2008},
  publisher={Wiley Online Library}
}

@article{pezza2009climate,
  title={Climate perspective on the large-scale circulation associated with the transition of the first South Atlantic hurricane},
  author={Pezza, Alexandre Bernardes and Simmonds, Ian and Pereira Filho, Augusto Jose},
  journal={International Journal of Climatology: A Journal of the Royal Meteorological Society},
  volume={29},
  number={8},
  pages={1116--1130},
  year={2009},
  publisher={Wiley Online Library}
}

@article{pezza2005first,
  title={The first South Atlantic hurricane: Unprecedented blocking, low shear and climate change},
  author={Pezza, Alexandre Bernardes and Simmonds, Ian},
  journal={Geophysical Research Letters},
  volume={32},
  number={15},
  year={2005},
  publisher={Wiley Online Library}
} 
@article{perez2023rare,
  title={The rare case of Hurricane Catarina (2004) over the South Atlantic Ocean: The origin of its precipitation through a Lagrangian approach},
  author={P{\'e}rez-Alarc{\'o}n, Albenis and Coll-Hidalgo, Patricia and Fern{\'a}ndez-Alvarez, Jos{\'e} C and Trigo, Ricardo M and Nieto, Raquel and Gimeno, Luis},
  journal={Quarterly Journal of the Royal Meteorological Society},
  volume={149},
  number={752},
  pages={1038--1055},
  year={2023},
  publisher={Wiley Online Library}
}

@article{pereira2010new,
  title={New perspectives on the synoptic and mesoscale structure of Hurricane Catarina},
  author={Pereira Filho, Augusto Jos{\'e} and Pezza, Alexandre Bernardes and Simmonds, Ian and Lima, Raquel Silva and Vianna, Marcio},
  journal={Atmospheric Research},
  volume={95},
  number={2-3},
  pages={157--171},
  year={2010},
  publisher={Elsevier}
}

@article{radu2014influence,
  title={Influence of atmospheric and sea surface temperature on the size of hurricane Catarina},
  author={Radu, Raluca and Toumi, Ralf and Phau, Jared},
  journal={Quarterly Journal of the Royal Meteorological Society},
  volume={140},
  number={682},
  pages={1778--1784},
  year={2014},
  publisher={Wiley Online Library}
}

@article{mctaggart2006analysis,
  title={Analysis of hurricane Catarina (2004)},
  author={McTaggart-Cowan, Ron and Bosart, Lance F and Davis, Christopher A and Atallah, Eyad H and Gyakum, John R and Emanuel, Kerry A},
  journal={Monthly Weather Review},
  volume={134},
  number={11},
  pages={3029--3053},
  year={2006},
  publisher={American Meteorological Society}
}

@inproceedings{dasilva2004ciclone,
  title={O ciclone Catarina: An{\'a}lise preliminar da estrutura, din{\^a}mica e previsibilidade},
  author={da Silva Dias, Pedro Leite and da Silva Dias, Maria Assun{\c{c}}{\~a}o F and Seluchi, Marcelo and de Assis Diniz, Francisco},
  booktitle={CONGRESSO BRASILEIRO DE METEOROLOGIA},
  year={2004},
}

@article{vianna2010interactions,
  title={Interactions between Hurricane Catarina (2004) and warm core rings in the South Atlantic Ocean},
  author={Vianna, ML and Menezes, VV and Pezza, AB and Simmonds, I},
  journal={Journal of Geophysical Research: Oceans},
  volume={115},
  number={C7},
  year={2010},
  publisher={Wiley Online Library}
}

%%%%%%%%%%%%%%%%%%%%%% South America - Subtropical Cyclones %%%%%%%%%%%%%%%%%%%%%%%

@article{dias2013synoptic,
  title={Synoptic and dynamical analysis of subtropical cyclone Anita (2010) and its potential for tropical transition over the South Atlantic Ocean},
  author={Dias Pinto, Joao Rafael and Reboita, Michelle Sim{\~o}es and da Rocha, Rosmeri Porf{\'\i}rio},
  journal={Journal of Geophysical Research: Atmospheres},
  volume={118},
  number={19},
  pages={10--870},
  year={2013},
  publisher={Wiley Online Library}
}

@article{reboita2018key,
  title={Key features and adverse weather of the named subtropical cyclones over the Southwestern South Atlantic Ocean},
  author={Reboita, Michelle Sim{\~o}es and Da Rocha, Rosmeri Porf{\'\i}rio and Oliveira, D{\'e}bora Martins de},
  journal={Atmosphere},
  volume={10},
  number={1},
  pages={6},
  year={2018},
  publisher={MDPI}
}

@article{reboita2022shapiro,
  title={From a Shapiro--Keyser extratropical cyclone to the subtropical cyclone Raoni: An unusual winter synoptic situation over the South Atlantic Ocean},
  author={Reboita, Michelle Sim{\~o}es and Gozzo, Luiz Felippe and Crespo, Nat{\'a}lia Machado and Custodio, Maria de Souza and Lucyrio, Vin{\'\i}cius and de Jesus, Eduardo Marcos and da Rocha, Rosmeri Porf{\'\i}rio},
  journal={Quarterly Journal of the Royal Meteorological Society},
  volume={148},
  number={747},
  pages={2991--3009},
  year={2022},
  publisher={Wiley Online Library}
}

@article{gozzo2017climatology,
  title={Climatology and numerical case study of moisture sources associated with subtropical cyclogenesis over the southwestern Atlantic Ocean},
  author={Gozzo, LF and Da Rocha, RP and Gimeno, L and Drumond, A},
  journal={Journal of Geophysical Research: Atmospheres},
  volume={122},
  number={11},
  pages={5636--5653},
  year={2017},
  publisher={Wiley Online Library}
}

@article{gozzo2014subtropical,
  title={Subtropical cyclones over the southwestern South Atlantic: Climatological aspects and case study},
  author={Gozzo, Luiz Felippe and da Rocha, Rosmeri P and Reboita, Michelle S and Sugahara, Shigetoshi},
  journal={Journal of Climate},
  volume={27},
  number={22},
  pages={8543--8562},
  year={2014},
  publisher={American Meteorological Society}
}

@article{evans2012climatology,
  title={A climatology of subtropical cyclones in the South Atlantic},
  author={Evans, Jenni L and Braun, Aviva},
  journal={Journal of Climate},
  volume={25},
  number={21},
  pages={7328--7340},
  year={2012},
  publisher={American Meteorological Society}
}

@article{reboita2019subtropical,
  title={Subtropical cyclone Anita's potential to tropical transition under warmer sea surface temperature scenarios},
  author={Reboita, Michelle Sim{\~o}es and Oliveira, DM and Da Rocha, RP and Dutra, LMM},
  journal={Geophysical Research Letters},
  volume={46},
  number={14},
  pages={8484--8489},
  year={2019},
  publisher={Wiley Online Library}
}

@article{reboita2021iba,
  title={Iba: the first pure tropical cyclogenesis over the western South Atlantic Ocean},
  author={Reboita, MS and Crespo, NM and Dutra, LMM and Silva, BA and Capucin, BC and da Rocha, RP},
  journal={Journal of Geophysical Research: Atmospheres},
  volume={126},
  number={1},
  pages={e2020JD033431},
  year={2021},
  publisher={Wiley Online Library}
}

%%%%%%%%%%%%%%%%%%%%%% South America Climate %%%%%%%%%%%%%%%%%%%%%%%

@article{reboita2010regimes,
  title={Regimes de precipita{\c{c}}{\~a}o na Am{\'e}rica do Sul: uma revis{\~a}o bibliogr{\'a}fica},
  author={Reboita, Michelle Sim{\~o}es and Gan, Manoel Alonso and Rocha, Rosmeri Porf{\'\i}rio da and Ambrizzi, T{\'e}rcio},
  journal={Revista brasileira de meteorologia},
  volume={25},
  pages={185--204},
  year={2010},
  publisher={SciELO Brasil}
}

@article{de2022hybrid,
  title={A hybrid regional climate downscaling for the southern Brazil coastal region},
  author={de Souza, Danilo Couto and Ramos da Silva, Renato and Gomes da Silva, Paula and Fetter Filho, Antonio Fernando H{\"a}rter and Mendez, Fernando Javier and Werth, David},
  journal={International Journal of Climatology},
  volume={42},
  number={13},
  pages={6753--6770},
  year={2022},
  publisher={Wiley Online Library}
}

@article{gramcianinov2020extreme,
  title={Extreme waves generated by cyclonic winds in the western portion of the South Atlantic Ocean},
  author={Gramcianinov, CB and Campos, RM and Soares, C Guedes and de Camargo, R},
  journal={Ocean Engineering},
  volume={213},
  pages={107745},
  year={2020},
  publisher={Elsevier}
}

}%%%%%%%%%%%%%%%%%%%%%% Cyclophaser filtering %%%%%%%%%%%%%%%%%%%%%%%

@article{virtanen2020scipy,
  title={SciPy 1.0: fundamental algorithms for scientific computing in Python},
  author={Virtanen, Pauli and Gommers, Ralf and Oliphant, Travis E and Haberland, Matt and Reddy, Tyler and Cournapeau, David and Burovski, Evgeni and Peterson, Pearu and Weckesser, Warren and Bright, Jonathan and others},
  journal={Nature methods},
  volume={17},
  number={3},
  pages={261--272},
  year={2020},
  publisher={Nature Publishing Group}
}

@article{savitzky1964smoothing,
  title={Smoothing and differentiation of data by simplified least squares procedures.},
  author={Savitzky, Abraham and Golay, Marcel JE},
  journal={Analytical chemistry},
  volume={36},
  number={8},
  pages={1627--1639},
  year={1964},
  publisher={ACS Publications}
}

@article{gibbs1898,
  title={Fourier's series},
  author={Gibbs, J. Willard},
  journal={Nature},
  volume={59},
  year={1898},
  pages={200}
}

@book{hamming1989,
  title={Digital Filters},
  author={Hamming, R. W.},
  year={1989},
  publisher={Prentice Hall}
}

@book{oppenheim2009,
  title={Discrete-Time Signal Processing},
  author={Oppenheim, A. V. and Schafer, R. W.},
  year={2009},
  publisher={Prentice Hall}
}

@book{proakis2006,
  title={Digital Signal Processing: Principles, Algorithms, and Applications},
  author={Proakis, J. G. and Manolakis, D. G.},
  year={2006},
  publisher={Prentice Hall}
}

@book{smith1997,
  title={The Scientist and Engineer's Guide to Digital Signal Processing},
  author={Smith, Steven W.},
  year={1997},
  publisher={California Technical Publishing}
}

@book{oppenheim1999discrete,
  title={Discrete-time signal processing},
  author={Oppenheim, Alan V},
  year={1999},
  publisher={Pearson Education India}
}

@article{harris1978,
  title={On the use of windows for harmonic analysis with the discrete Fourier transform},
  author={Harris, F. J.},
  journal={Proceedings of the IEEE},
  volume={66},
  number={1},
  pages={51--83},
  year={1978}
}

@book{mitra2001,
  title={Digital Signal Processing: A Computer-Based Approach},
  author={Mitra, Sanjit K.},
  year={2001},
  publisher={McGraw-Hill}
}

%%%%%%%%%%%%%%%%%%%%%% Cyclophaser %%%%%%%%%%%%%%%%%%%%%%%

@article {gramcianinov2020analysis,
author={Gramcianinov, CB and Campos, RM and De Camargo, R and Hodges, KI and Soares, C Guedes and da Silva Dias, PL},
title={Analysis of Atlantic extratropical storm tracks characteristics in 41 years of ERA5 and CFSR/CFSv2 databases},
journal={Ocean Engineering},
volume={216},
pages={108-111},
year={2020},
publisher={Elsevier}
}

@article{gramcianinov2020data,
author = {Gramcianinov, C. B. and Campos, R. M. and {de Camargo}, R. and Hodges, K. I. and {Guedes Soares}, C. and {da Silva Dias}, P. L.},
journal = {Mendeley Data},
title = {{Atlantic extratropical cyclone tracks in 41 years of ERA5 and CFSR/CFSv2 databases}},
year = {2020},
volume = {V4},
doi = {10.17632/kwcvfr52hp.4},
}


@article{hodges1994general,
  title={A general method for tracking analysis and its application to meteorological data},
  author={Hodges, Kevin I},
  journal={Monthly Weather Review},
  volume={122},
  number={11},
  pages={2573--2586},
  year={1994}
}

@article{hodges1995feature,
  title={Feature tracking on the unit sphere},
  author={Hodges, KI},
  journal={Monthly Weather Review},
  volume={123},
  number={12},
  pages={3458--3465},
  year={1995}
}

@article{murray1991numerical,
  title={A numerical scheme for tracking cyclone centres from digital data. Part II: Application to January and July general circulation model simulations},
  author={Murray, Ross J and Simmonds, Ian},
  journal={Australian Meteorological Magazine},
  volume={39},
  number={3},
  pages={167--180},
  year={1991}
}

@article{duchon1979lanczos,
  title={Lanczos filtering in one and two dimensions},
  author={Duchon, Claude E},
  journal={Journal of Applied Meteorology and Climatology},
  volume={18},
  number={8},
  pages={1016--1022},
  year={1979}
}


@article{da2017shallow,
  title={The shallow water equation and the vorticity equation for a change in height of the topography},
  author={Da, ChaoJiu and Shen, BingLu and Yan, PengCheng and Ma, DeShan and Song, Jian},
  journal={Plos one},
  volume={12},
  number={6},
  pages={e0178184},
  year={2017},
  publisher={Public Library of Science San Francisco, CA USA}
}

@article{acevedo2010atmospheric,
  title={Atmospheric boundary layer adjustment to the synoptic cycle at the Brazil-Malvinas Confluence, South Atlantic Ocean},
  author={Acevedo, Ot{\'a}vio C and Pezzi, Luciano P and Souza, Ronald B and Anabor, Vagner and Degrazia, Gerv{\'a}sio A},
  journal={Journal of Geophysical Research: Atmospheres},
  volume={115},
  number={D22},
  year={2010},
  publisher={Wiley Online Library}
}

@article{steele2015modelling,
  title={Modelling sea-breeze climatologies and interactions on coasts in the southern North Sea: implications for offshore wind energy},
  author={Steele, CJ and Dorling, SR and von Glasow, Roland and Bacon, Jim},
  journal={Quarterly Journal of the Royal Meteorological Society},
  volume={141},
  number={690},
  pages={1821--1835},
  year={2015},
  publisher={Wiley Online Library}
}

@article{flaounas2014cyclotrack,
  title={CycloTRACK (v1. 0)--tracking winter extratropical cyclones based on relative vorticity: sensitivity to data filtering and other relevant parameters},
  author={Flaounas, Emmanouil and Kotroni, Vassiliki and Lagouvardos, Konstantinos and Flaounas, Ilias},
  journal={Geoscientific Model Development},
  volume={7},
  number={4},
  pages={1841--1853},
  year={2014},
  publisher={Copernicus Publications G{\"o}ttingen, Germany}
}

%%%%%%%%%%%%%%%%%%%%%% Others %%%%%%%%%%%%%%%%%%%%%%%

@inproceedings{silva_dias_catarina_2004,
  author       = {Silva Dias, Pedro L. and Gan, Manoel and Beven, John L. and Pezza, Alexandre and Holland, Greg and Pereira, Augusto and McTaggart-Cowan, Ron and Diniz, Francisco de Assis and Seluchi, Marcelo and Braga, Hugo J.},
  title        = {The Catarina Phenomenon},
  booktitle    = {Proceedings of the Sixth International Workshop on Tropical Cyclones},
  year         = {2004},
  address      = {S\~ao Paulo, Brazil},
  organization = {World Meteorological Organization/Commission for Atmospheric Sciences},
  email        = {pldsdias@master.iag.usp.br},
  fax          = {55-11-3091-4714}
}

@article{tibaldi1980orographically,
  title={Orographically induced cyclogenesis: Analysis of numerical experiments},
  author={Tibaldi, S and Buzzi, A and Malguzzi, P},
  journal={Monthly Weather Review},
  volume={108},
  number={9},
  pages={1302--1314},
  year={1980}
}

@article{gan1994influence,
  title={The influence of the Andes Cordillera on transient disturbances},
  author={Gan, Manoel Alonso and Rao, Vadlamudi Brahmananda},
  journal={Monthly Weather Review},
  volume={122},
  number={6},
  pages={1141--1157},
  year={1994}
}


@article{gramcianinov2023impact,
  title={Impact of extratropical cyclone intensity and speed on the extreme wave trends in the Atlantic Ocean},
  author={Gramcianinov, Carolina B and de Camargo, Ricardo and Campos, Ricardo M and Guedes Soares, C and da Silva Dias, Pedro L},
  journal={Climate dynamics},
  volume={60},
  number={5-6},
  pages={1447--1466},
  year={2023},
  publisher={Springer}
}
